% Encoding: UTF-8

@Article{key1,
  author =  {DERKAOUI Amina \& DERKAOUI Soumia},
  title =   {ETUDE COMPARATIVE DES METHODES ENSEMBLISTES DE CLASSIFICATION DES DONNES MEDICALES},
  journal = {Université Abou Bakr Belkaïd de Tlemcen},
  year =    {2017},
  pages =   {http://dspace.univ-tlemcen.dz/bitstream/112/10682/1/Ms.EBM.Derkaoui%2BDerkaoui.pdf}
}

@Article{key2,
  author =  {Bronislava Bashinskaya \& Ryan M. Zimmerman \& Brian P. Walcott \& Valentin Antoci},
  title =   {Arthroplasty Utilization in the United States is Predicted by Age-Specific Population Groups},
  journal = {ISRN Orthopedics},
  year =    {2012}
}

@Article{key3,
  author =  {Carlos J. Lavernia \& Victor Hugo Hernandez \& Mark D. Rossi},
  title =   {Payment analysis of total hip replacement},
  journal = {Centers for Medicare \& Medicaid Services},
  year =    {2007},
  pages =   {http://www.larkinhospital.com/larkinorthopedics/wp-content/uploads/2014/01/Payment-Analysis-of-Total-Hip-Replacement1.pdf}
}

@Misc{key4,
  author =       {https://www.europusa.com},
  title =        {Comment fonctionne le système de santé et les assurances aux Etats-Unis ?},
  howpublished = {https://www.europusa.com/assurance/pourquoi-et-comment-choisir-une-bonne-assurance-sante/comment-fonctionne-le-systeme-de-sante-et-les-assurances-aux-etats-unis/}
}

@Misc{key5,
  author =       {Wikipedia},
  title =        {Data science},
  howpublished = {https://wikipedia.org/wiki/Data\_science}
}

@Misc{key6,
  author =       {Openclassrooms},
  title =        {Initiez-vous au machine learning},
  howpublished = {https://openclassrooms.com/courses/initiez-vous-au-machine-learning/comment-resoudre-un-probleme-de-data-science}
}
